@book{IK,
  author    = {Henryk Iwaniec and Emmanuel Kowalski},
  title     = {Analytic Number Theory},
  series    = {American Mathematical Society Colloquium Publications},
  volume    = {53},
  publisher = {American Mathematical Society},
  year      = {2004},
  address   = {Providence, RI},
  isbn      = {0-8218-3633-1}
}

@book{MV,
  author    = {Hugh L. Montgomery and Robert C. Vaughan},
  title     = {Multiplicative Number Theory I: Classical Theory},
  series    = {Cambridge Studies in Advanced Mathematics},
  volume    = {97},
  publisher = {Cambridge University Press},
  year      = {2007},
  address   = {Cambridge},
  isbn      = {978-0-521-84903-6}
}

@article{HuxleyJutila,
  author  = {M. N. Huxley and M. Jutila},
  title   = {Large values of Dirichlet polynomials},
  journal = {Acta Arithmetica},
  volume  = {43},
  number  = {4},
  year    = {1984},
  pages   = {291--301},
  issn    = {0065-1036}
}

@article{GranvilleSoundPretentious,
  author  = {Andrew Granville and Kannan Soundararajan},
  title   = {Pretentious multiplicative functions and an inequality for the zeta-function},
  journal = {Anatomy of Integers (CRM Proceedings \& Lecture Notes)},
  volume  = {46},
  year    = {2007},
  pages   = {191--197}
}
